<record><leader>00000cas a22000007a 4500</leader><controlfield tag="001">9848254</controlfield><controlfield tag="008">830826d18511857mauwr ne      0    0eng d</controlfield><controlfield tag="009">3768</controlfield><datafield ind1=" " ind2=" " tag="010"><subfield code="a">sn 83020963 </subfield></datafield><datafield ind1=" " ind2=" " tag="040"><subfield code="a">NPX</subfield><subfield code="b">eng</subfield><subfield code="c">NPX</subfield><subfield code="d">DLC</subfield><subfield code="d">MGN</subfield></datafield><datafield ind1=" " ind2=" " tag="042"><subfield code="a">msc</subfield></datafield><datafield ind1="0" ind2="0" tag="245"><subfield code="a">Worcester weekly transcript.</subfield></datafield><datafield ind1="0" ind2="0" tag="246"><subfield code="a">Worcester weekly transcript and Massachusetts guardian</subfield></datafield><datafield ind1=" " ind2=" " tag="260"><subfield code="a">Worcester, Mass. :</subfield><subfield code="b">Silas Dinsmore,</subfield></datafield><datafield ind1=" " ind2=" " tag="300"><subfield code="a">v. ;</subfield><subfield code="c">60 cm.</subfield></datafield><datafield ind1=" " ind2=" " tag="310"><subfield code="a">Weekly</subfield></datafield><datafield ind1="0" ind2=" " tag="362"><subfield code="a">Vol. 1, no. 1 (Dec. 20, 1851)-</subfield></datafield><datafield ind1="1" ind2=" " tag="362"><subfield code="a">Ceased in 1857.</subfield></datafield><datafield ind1=" " ind2=" " tag="500"><subfield code="a">Title varies: Worcester weekly transcript and Massachusetts guardian, Aug. 25, 1855-&lt;Dec. 29, 1855&gt;.</subfield></datafield><datafield ind1=" " ind2=" " tag="500"><subfield code="a">Editor: Z.K. Pangborn, Aug. 4, 1855-&lt;Dec. 29, 1855&gt;.</subfield></datafield><datafield ind1=" " ind2=" " tag="500"><subfield code="a">Publishers: Fiske &amp; Reynolds, Aug. 4, 1855-&lt;Dec. 29, 1855&gt;; Worcester Transcript Co., &lt;Nov. 29-Dec. 6, 1856&gt;; W. Hooper, July 11-&lt;26&gt;, 1857.</subfield></datafield><datafield ind1=" " ind2=" " tag="515"><subfield code="a">Issue for Jan. 3, 1852 also numbered v. 1, no. 1.</subfield></datafield><datafield ind1=" " ind2=" " tag="752"><subfield code="a">United States</subfield><subfield code="b">Massachusetts</subfield><subfield code="c">Worcester</subfield><subfield code="d">Worcester.</subfield></datafield><datafield ind1="0" ind2=" " tag="775"><subfield code="t">Daily transcript (Worcester, Mass. : 1851)</subfield><subfield code="w">(DLC)sn 83020959</subfield></datafield><datafield ind1="0" ind2=" " tag="775"><subfield code="t">Worcester transcript (Worcester, Mass. : 1855)</subfield><subfield code="w">(DLC)sn 83020960</subfield></datafield><datafield ind1="0" ind2="5" tag="780"><subfield code="t">Massachusetts guardian</subfield><subfield code="g">1855</subfield></datafield><datafield ind1="0" ind2="7" tag="785"><subfield code="t">National aegis (Worcester, Mass. : 1838)</subfield><subfield code="w">(DLC)sn 83020962</subfield></datafield><datafield ind1="0" ind2="7" tag="785"><subfield code="t">Aegis and transcript</subfield><subfield code="w">(DLC)sn 83020966</subfield></datafield></record>